<?xml version="1.0" encoding="UTF-8"?><collection xmlns="http://www.loc.gov/MARC21/slim"><record><leader>00332nam--2200121-i-4500</leader><controlfield tag="001">000029945</controlfield><controlfield tag="002">20161230</controlfield><controlfield tag="005">20161230201038</controlfield><controlfield tag="008">060222s1000------------r-----000-0-eng-d</controlfield><datafield ind1=" " ind2=" " tag="100"><subfield code="a">Kustaanheimo, Paul</subfield></datafield><datafield ind1=" " ind2=" " tag="245"><subfield code="a">Nuotio, v.s</subfield></datafield><datafield ind1=" " ind2=" " tag="260"><subfield code="a">Spinor Ring Algebra I</subfield></datafield><datafield ind1=" " ind2=" " tag="490"><subfield code="a">Helsinki, Research Institute For Theoretical Physics, 1965. V+52p</subfield></datafield></record></collection>